@misc{hai_2018,
author = {Hai, Do},
booktitle = {Hai's Blog},
title = {{Một số ph{\^{a}}n phối phổ biến}},
url = {https://dominhhai.github.io/vi/2017/10/prob-com-var/{\#}1-1-ph{\^{a}}n-phối-đều-discrete-uniform-distribution},
year = {2018}
}

@book{Goodfellow-et-al-2016,
    title={Deep Learning},
    author={Ian Goodfellow and Yoshua Bengio and Aaron Courville},
    publisher={MIT Press},
    note={\url{http://www.deeplearningbook.org}},
    year={2016}
}

@book {nguyentiendung2015,
    author    = "Nguyễn Tiến Dũng, Đỗ Đức Thái",
    title     = "Nhập môn hiện đại: Xác suất và thống kê",
    publisher = "Tủ sách SPUTNIK",
    year      = "2015",
    edition   = "first"
}

@book{Jurafsky:2009:SLP:1214993,
 author = {Jurafsky, Daniel and Martin, James H.},
 title = {Speech and Language Processing (2nd Edition)},
 year = {2009},
 isbn = {0131873210},
 publisher = {Prentice-Hall, Inc.},
 address = {Upper Saddle River, NJ, USA},
}

@book{Mitchell:1997:ML:541177,
 author = {Mitchell, Thomas M.},
 title = {Machine Learning},
 year = {1997},
 isbn = {0070428077, 9780070428072},
 edition = {1},
 publisher = {McGraw-Hill, Inc.},
 address = {New York, NY, USA},
}
[download]