@misc{hai_2018,
author = {Hai, Do},
booktitle = {Hai's Blog},
title = {{Một số ph{\^{a}}n phối phổ biến}},
url = {https://dominhhai.github.io/vi/2017/10/prob-com-var/{\#}1-1-ph{\^{a}}n-phối-đều-discrete-uniform-distribution},
year = {2018}
}

@book{Goodfellow-et-al-2016,
    title={Deep Learning},
    author={Ian Goodfellow and Yoshua Bengio and Aaron Courville},
    publisher={MIT Press},
    note={\url{http://www.deeplearningbook.org}},
    year={2016}
}

@book{Jurafsky:2009:SLP:1214993,
 author = {Jurafsky, Daniel and Martin, James H.},
 title = {Speech and Language Processing (2nd Edition)},
 year = {2009},
 isbn = {0131873210},
 publisher = {Prentice-Hall, Inc.},
 address = {Upper Saddle River, NJ, USA},
}
